@article{anhar2024analisis,
  title={Analisis Perbandingan Implementasi Clean Architecture Menggunakan MVP, MVI, Dan MVVM Pada Pengembangan Aplikasi Android Native},
  author={Anhar, Firmansyah Firdaus and Swari, Made Hanindia Prami and Aditiawan, Firza Prima},
  journal={Jupiter: Publikasi Ilmu Keteknikan Industri, Teknik Elektro dan Informatika},
  volume={2},
  number={2},
  pages={181--191},
  year={2024}
}

@article{nunkesser2023choosing,
  title={Choosing a global architecture for mobile applications},
  author={Nunkesser, Robin},
  journal={Authorea Preprints},
  year={2023},
  publisher={Authorea}
}

@phdthesis{saputro2020implementasi,
  title={IMPLEMENTASI ANDROID ARCHITECTURE COMPONENTS DENGAN PATTERN MVVM (MODEL-VIEW-VIEW MODEL) PADA APLIKASI PELAPORAN KEMISKINAN DI KABUPATEN BANTUL},
  author={Saputro, Yudistiro Septian and others},
  year={2020},
  school={STMIK AKAKOM Yogyakarta}
}

@article{arif2021optimasi,
  title={Optimasi Pengembangan Aplikasi Cross-platform Berbasis Flutter Menggunakan Pendekatan Arsitektur Model MVI (Model-View-Intent)},
  author={Arif, Muh Alif Al Gibran and Kusumo, Dana Sulistyo and Puspitasari, Shinta Yulia},
  journal={eProceedings of Engineering},
  volume={8},
  number={5},
  year={2021}
}

@article{rasyid2022sistem,
  title={Sistem Pencatatan Keuangan Aplikasi Android Dengan Menggunakan Design Pattern Model-View-View-Model (MVVM), Room Database, SharedPreference dan API.},
  author={Rasyid, Naufal and Goenawan, Aaqila Dhiyaanisafa},
  journal={Jurnal Teknik Mesin, Industri, Elektro dan Informatika},
  volume={1},
  number={2},
  pages={52--63},
  year={2022}
}

@article{maulana2022aplikasi,
  title={Aplikasi Manajemen Laboratorium Menggunakan Metode MVVM Berbasis Android},
  author={Maulana, Fikri and Afyenni, Rita and Erianda, Aldo},
  journal={JITSI: Jurnal Ilmiah Teknologi Sistem Informasi},
  volume={3},
  number={3},
  pages={88--93},
  year={2022}
}